@article{kitzelmann2011combined,
  title={A combined analytical and search-based approach for the inductive synthesis of functional programs},
  author={Kitzelmann, Emanuel},
  journal={KI-K{\"u}nstliche Intelligenz},
  volume={25},
  number={2},
  pages={179--182},
  year={2011},
  publisher={Springer}
}

@incollection{kreitz1998program,
  title={Program synthesis},
  author={Kreitz, Christoph},
  booktitle={Automated Deductionâ€”A Basis for Applications},
  pages={105--134},
  year={1998},
  publisher={Springer}
}

@inproceedings{gulwani2011synthesizing,
  title={Synthesizing geometry constructions},
  author={Gulwani, Sumit and Korthikanti, Vijay Anand and Tiwari, Ashish},
  booktitle={ACM SIGPLAN Notices},
  volume={46},
  number={6},
  pages={50--61},
  year={2011},
  organization={ACM}
}

@inproceedings{ahmed2013automatically,
  title={Automatically generating problems and solutions for natural deduction},
  author={Ahmed, Umair Z and Gulwani, Sumit and Karkare, Amey},
  booktitle={Proceedings of the Twenty-Third international joint conference on Artificial Intelligence},
  pages={1968--1975},
  year={2013},
  organization={AAAI Press}
}

@inproceedings{alvin2014synthesis,
  title={Synthesis of geometry proof problems},
  author={Alvin, Christopher and Gulwani, Sumit and Majumdar, Rupak and Mukhopadhyay, Supratik},
  booktitle={Proc. AAAI Conference on Artificial Intelligence},
  year={2014}
}

@inproceedings{singh2013automated,
  title={Automated feedback generation for introductory programming assignments},
  author={Singh, Rishabh and Gulwani, Sumit and Solar-Lezama, Armando},
  booktitle={ACM SIGPLAN Notices},
  volume={48},
  number={6},
  pages={15--26},
  year={2013},
  organization={ACM}
}

@inproceedings{cheema2012quickdraw,
  title={QuickDraw: improving drawing experience for geometric diagrams},
  author={Cheema, Salman and Gulwani, Sumit and LaViola, Joseph},
  booktitle={Proceedings of the SIGCHI Conference on Human Factors in Computing Systems},
  pages={1037--1064},
  year={2012},
  organization={ACM}
}

@inproceedings{gulwani2010dimensions,
  title={Dimensions in program synthesis},
  author={Gulwani, Sumit},
  booktitle={Proceedings of the 12th international ACM SIGPLAN symposium on Principles and practice of declarative programming},
  pages={13--24},
  year={2010},
  organization={ACM}
}

@inproceedings{zettlemoyer2009learning,
  title={Learning context-dependent mappings from sentences to logical form},
  author={Zettlemoyer, Luke S and Collins, Michael},
  booktitle={Proceedings of the Joint Conference of the 47th Annual Meeting of the ACL and the 4th International Joint Conference on Natural Language Processing of the AFNLP: Volume 2-Volume 2},
  pages={976--984},
  year={2009},
  organization={Association for Computational Linguistics}
}

@inproceedings{tesson2010program,
  title={Program Calculation in Coq.},
  author={Tesson, Julien and Hashimoto, Hideki and Hu, Zhenjiang and Loulergue, Fr{\'e}d{\'e}ric and Takeichi, Masato},
  booktitle={AMAST},
  pages={163--179},
  year={2010},
  organization={Springer}
}

@article{coquand1988calculus,
  title={The calculus of constructions},
  author={Coquand, Thierry and Huet, Gerard},
  journal={Information and computation},
  volume={76},
  number={2},
  pages={95--120},
  year={1988},
  publisher={Elsevier}
}

@book{pierce2002types,
  title={Types and programming languages},
  author={Pierce, Benjamin C},
  year={2002},
  publisher={MIT press}
}

@ARTICLE{Manna92fundamentalsof,
    author = {Zohar Manna and Richard Waldinger},
    title = {Fundamentals Of Deductive Program Synthesis},
    journal = {IEEE Transactions on Software Engineering},
    year = {1992},
    volume = {18},
    pages = {674--704}
}

@article{goldfarb1981undecidability,
  title={The undecidability of the second-order unification problem},
  author={Goldfarb, Warren D},
  journal={Theoretical Computer Science},
  volume={13},
  number={2},
  pages={225--230},
  year={1981},
  publisher={Elsevier}
}

@article{huet1978proving,
  title={Proving and applying program transformations expressed with second-order patterns},
  author={Huet, G{\'e}rard and Lang, Bernard},
  journal={Acta informatica},
  volume={11},
  number={1},
  pages={31--55},
  year={1978},
  publisher={Springer}
}

@article{de2001higher,
  title={Higher-order matching for program transformation},
  author={de Moor, Oege and Sittampalam, Ganesh},
  journal={Theoretical Computer Science},
  volume={269},
  number={1},
  pages={135--162},
  year={2001},
  publisher={Elsevier}
}

