@article={PPCA,
title={Probabilistic principal component analysis},
  author={Tipping, Michael E., and Christopher M. Bishop},
  journal={Journal of the Royal Statistical Society: Series B (Statistical Methodology)},
  volume={61},
  number={3},
  pages={611-622},
  year={1999}
}

@misc{tutorial,
title={Principal component analysis with missing data and outliers},
author={Chen, Haifeng},
year={2002},
howpublished="\url{http://www. cmlab. csie. ntu. edu. tw/~ cyy/learning/papers/PCA_Tutorial. pdf}"
}


@article={SPCA,
title={EM algorithms for PCA and SPCA},
  author={Roweis, Sam},
  journal={Advances in neural information processing systems},
  pages={626-632},
  year={1998}	
}

@article={MNIST,
title={The MNIST database of handwritten digits},
  author={LeCun, Yann, Corinna Cortes, and Christopher JC Burges},
  year={1998}
}



